@article{egorova,
author = {Егорова, Татьяна Павловна},
title = {Педагогические условия формирования готовности студентов к учебно-исследовательской
    деятельности в условиях исследовательской интернет-среды},
journaltitle = {Историческая и социально-образовательная мысль},
date = {2013},
language = {russian},
number = {18},
pages = {60--62},
issn = {2219--6048},
url = {https://cyberleninka.ru/article/n/pedagogicheskie-usloviya-formirovaniya-gotovnosti-studentov-k-uchebno-issledovatelskoy-deyatelnosti-v-usloviyah-issledovatelskoy},
urldate = {2018-12-25},
}
@article{bystrenina,
author = {Быстренина, И Е},
title = {Формирование готовности студентов к исследовательской деятельности 
    в условиях интеграции математики и информатики},
journaltitle = {Вестник РУДН, серия <<Психология и педагогика>>},
date = {2011},
language = {russian},
number = {4},
pages = {69--73},
issn = {2313-1705},
url = {https://cyberleninka.ru/article/n/formirovanie-gotovnosti-studentov-k-issledovatelskoy-deyatelnosti-v-usloviyah-integratsii-matematiki-i-informatiki},
urldate = {2018-12-25},
}
@article{prohorova,
author = {Прохорова, Елена Викторовна},
title = {Диагностика уровней компетентности магистров к научно-исследовательской работе 
    в будущей профессиональной деятельности},
journaltitle = {Ученые записки университета имени П.Ф. Лесгафта},
date = {2013},
language = {russian},
number = {2 (96)},
pages = {134--139},
issn = {1994-4683},
doi = {10.5930/issn.1994-4683.2013.02.96.p139-143},
url = {https://cyberleninka.ru/article/n/diagnostika-urovney-kompetentnosti-magistrov-k-nauchno-issledovatelskoy-rabote-v-buduschey-professionalnoy-deyatelnosti},
urldate = {2018-12-25},
}

@article{kalganova,
author = {Калганова, Г Ф and Кудрявцева, М Г},
title = {Формирование исследовательских компетенций у студентов-экономистов средствами иностранного языка},
journaltitle = {Современные исследования социальных проблем},
date = {2017},
language = {russian},
volume = {8},
number = {7},
pages = {160--174},
issn = {2218-7405},
doi = {10.12731/2218-7405-2017-7-160-174},
url = {https://cyberleninka.ru/article/n/formirovanie-issledovatelskih-kompetentsiy-u-studentov-ekonomistov-sredstvami-inostrannogo-yazyka},
urldate = {2018-12-25},
}
@article{koldina,
author = {Колдина, М И},
title = {Формирование готовности к научно-исследовательской деятельности будущих бакалавров профессионального обучения},
journaltitle = { Научно-методический электронный журнал «Концепт»},
date = {2014},
language = {russian},
month = {4},
number = {4},
pages = {36-40},
issn = {2304-120X},
url = {https://e-koncept.ru/2014/14086.htm},
urldate = {2018-12-25},
}